%% This BibTeX bibliography file was created using BibDesk.
%% https://bibdesk.sourceforge.io/

%% Created for Xiaoyu Wu at 2022-11-07 14:50:53 +1000 


%% Saved with string encoding Unicode (UTF-8) 



@misc{atd2022aus,
	author = {{DITRDCA Australian Government}},
	date-added = {2022-11-07 14:49:18 +1000},
	date-modified = {2022-11-07 14:50:51 +1000},
	howpublished = {Online},
	month = {Nov},
	title = {Airport Traffic Data},
	year = {2022}}

@article{ng2020scale,
	author = {Ng, Li Shuen and Campos-Arceiz, Ahimsa and Sloan, Sean and Hughes, Alice C and Tiang, Darrel Chin Fung and Li, Binbin V and Lechner, Alex M},
	date-added = {2022-11-07 10:14:22 +1000},
	date-modified = {2022-11-07 10:14:22 +1000},
	journal = {Biological Conservation},
	pages = {108691},
	publisher = {Elsevier},
	title = {The scale of biodiversity impacts of the Belt and Road Initiative in Southeast Asia},
	volume = {248},
	year = {2020}}

@article{wang2013president,
	author = {Wang, Ye Xie},
	date-added = {2022-11-07 10:00:59 +1000},
	date-modified = {2022-11-07 10:00:59 +1000},
	journal = {CPC News},
	title = {President Xi's vision for the future OBOR strategy},
	volume = {8},
	year = {2013}}

@webpage{Mou2021BRIairport,
	author = {Mou, Kai},
	date-added = {2022-02-11 11:31:19 +1000},
	date-modified = {2022-02-11 11:33:50 +1000},
	lastchecked = {2022 Feb. 11},
	title = {Demanding analysis and countermearures for the 'integration of investment, construction, and operation' model of overseas airports},
	url = {att.caacnews.com.cn/zsfw/jcgl/202111/t20211102_60055.html},
	year = {2021},
	bdsk-url-1 = {att.caacnews.com.cn/zsfw/jcgl/202111/t20211102_60055.html}}

@misc{icao2019trafficdata,
	author = {{International Civil Aviation Organization}},
	date-added = {2022-02-11 11:03:58 +1000},
	date-modified = {2022-02-11 11:08:30 +1000},
	howpublished = {Online},
	title = {2019 Air Transport statistical Results},
	year = {2020}}

@misc{capa2021airportcapital,
	author = {{CAPA}},
	date-added = {2022-02-11 10:43:21 +1000},
	date-modified = {2022-02-11 10:48:48 +1000},
	howpublished = {Online},
	month = {July},
	title = {ACI : a need for USD 2.4 trillion airport capital investment},
	year = {2021}}

@article{chivian2002biodiversity,
	author = {Chivian, Eric and others},
	date-added = {2021-09-17 10:46:33 +1000},
	date-modified = {2021-09-17 10:46:33 +1000},
	journal = {Center for Health and the Global Environment, Harvard Medical School, Cambridge, MA},
	title = {Biodiversity: its importance to human health},
	volume = {23},
	year = {2002}}

@article{osadchyi2016mathematical,
	author = {Osadchyi, VV and Yeremeev, VS and Matsyura, AV},
	date-added = {2021-09-17 09:37:20 +1000},
	date-modified = {2021-09-17 09:37:20 +1000},
	journal = {Ukrainian Journal of Ecology},
	number = {3},
	pages = {463--471},
	publisher = {Bogdan Chmelnitskiy Melitopol State Pedagogical University},
	title = {Mathematical model of bird species identifying: implication of radar data processing},
	volume = {6},
	year = {2016}}

@inproceedings{kelly2000avian,
	author = {Kelly, T Adam and Merritt, Ron and White, Ron and Smith, Andreas and Howera, Mark},
	booktitle = {Proceedings of the International Bird Strike Committee Meeting},
	date-added = {2021-09-17 09:36:38 +1000},
	date-modified = {2021-09-17 09:36:38 +1000},
	pages = {1--7},
	title = {The Avian Hazard Advisory System (AHAS): operational use of weather radar for reducing bird strike risk in North America},
	volume = {25},
	year = {2000}}

@article{devault2018estimating,
	author = {DeVault, Travis L and Blackwell, Bradley F and Seamans, Thomas W and Begier, Michael J and Kougher, Jason D and Washburn, Jenny E and Miller, Phyllis R and Dolbeer, Richard A},
	date-added = {2021-09-17 09:34:49 +1000},
	date-modified = {2021-09-17 09:34:49 +1000},
	journal = {Wildlife Society Bulletin},
	number = {1},
	pages = {94--101},
	publisher = {Wiley Online Library},
	title = {Estimating interspecific economic risk of bird strikes with aircraft},
	volume = {42},
	year = {2018}}

@misc{faa2014data,
	author = {{Federal Aviation Administration}},
	date-added = {2021-09-17 09:14:33 +1000},
	date-modified = {2021-09-17 09:16:14 +1000},
	howpublished = {Online},
	month = {Sept},
	title = {FAA wildlife strike database},
	year = {2021}}

@misc{icao2017ibis,
	author = {{International Civil Aviation Organization}},
	date-added = {2021-09-17 09:13:05 +1000},
	date-modified = {2021-09-17 09:14:10 +1000},
	month = {05},
	title = {2008-2015 Wildlife strike analyses},
	year = {2017}}

@article{kim2020drone,
	author = {Kim, Junsu and Moon, Hongbin and Jung, Hosang},
	date-added = {2021-09-17 07:58:34 +1000},
	date-modified = {2021-09-17 07:58:34 +1000},
	journal = {Applied Sciences},
	number = {12},
	pages = {4362},
	publisher = {Multidisciplinary Digital Publishing Institute},
	title = {Drone-Based Parcel Delivery Using the Rooftops of City Buildings: Model and Solution},
	volume = {10},
	year = {2020}}

@article{hu2020birdstrike,
	author = {Hu, Yuanyuan and Xing, Pu and Yang, Fan and Feng, Gang and Yang, Guisheng and Zhang, Zhengwang},
	date-added = {2021-09-17 07:56:27 +1000},
	date-modified = {2021-09-17 07:56:27 +1000},
	journal = {Scientific reports},
	number = {1},
	pages = {1--7},
	publisher = {Nature Publishing Group},
	title = {A birdstrike risk assessment model and its application at Ordos Airport, China},
	volume = {10},
	year = {2020}}

@article{grey1998influence,
	author = {Grey, Merilyn J and Clarke, Michael F and Loyn, Richard H},
	date-added = {2021-09-17 07:44:25 +1000},
	date-modified = {2021-09-17 07:44:25 +1000},
	journal = {Pacific Conservation Biology},
	number = {1},
	pages = {55--69},
	publisher = {CSIRO Publishing},
	title = {Influence of the Noisy Miner Manorina melanocephala on avian diversity and abundance in remnant Grey Box woodland},
	volume = {4},
	year = {1998}}

@article{nilsson2021bird,
	author = {Nilsson, Cecilia and La Sorte, Frank A and Dokter, Adriaan and Horton, Kyle and Van Doren, Benjamin M and Kolodzinski, Jeffrey J and Shamoun-Baranes, Judy and Farnsworth, Andrew},
	date-added = {2021-09-16 18:48:21 +1000},
	date-modified = {2021-09-16 18:48:21 +1000},
	journal = {Journal of Applied Ecology},
	publisher = {Wiley Online Library},
	title = {Bird strikes at commercial airports explained by citizen science and weather radar data},
	year = {2021}}

@book{bridger2013plane,
	author = {Bridger, Rose},
	date-added = {2021-09-16 18:41:35 +1000},
	date-modified = {2021-09-16 18:41:35 +1000},
	title = {Plane truth: Aviation's real impact on people and the environment},
	year = {2013}}

@article{uhlfelder2013bloody,
	author = {Uhlfelder, Eric},
	date-added = {2021-09-16 18:41:26 +1000},
	date-modified = {2021-09-16 18:41:26 +1000},
	journal = {National Geographic},
	title = {Bloody Skies: The Fight to Reduce Deadly Bird-Plane Collisions},
	year = {2013}}

@misc{Dayly2009Kieran,
	author = {Daly, Kieran},
	date-added = {2021-09-16 18:36:09 +1000},
	date-modified = {2021-09-16 18:37:10 +1000},
	howpublished = {online},
	month = {Jan},
	title = {Battling birdstrikes},
	year = {2009}}

@article{allan2000costs,
	author = {Allan, John R},
	date-added = {2021-09-16 18:34:47 +1000},
	date-modified = {2021-09-16 18:34:47 +1000},
	journal = {Human conflicts with wildlife: economic considerations},
	pages = {18},
	title = {The costs of bird strikes and bird strike prevention},
	year = {2000}}

@article{laybourne1974collision,
	author = {Laybourne, Roxie C},
	date-added = {2021-09-16 18:30:14 +1000},
	date-modified = {2021-09-16 18:30:14 +1000},
	journal = {The Wilson Bulletin},
	number = {4},
	pages = {461--462},
	publisher = {JSTOR},
	title = {Collision between a vulture and an aircraft at an altitude of 37,000 feet},
	volume = {86},
	year = {1974}}

@article{He_2012,
	author = {Yan Bin He and Xiao Hu Yao and Xuan Liu and Ling Feng He},
	date-added = {2021-09-16 17:46:42 +1000},
	date-modified = {2021-09-16 17:46:42 +1000},
	doi = {10.4028/www.scientific.net/amm.151.305},
	journal = {Applied Mechanics and Materials},
	month = {jan},
	pages = {305--309},
	publisher = {Trans Tech Publications, Ltd.},
	title = {Simulation for the Bird-Strike Damage of Drone Radome Composite Structure},
	url = {https://doi.org/10.4028%2Fwww.scientific.net%2Famm.151.305},
	volume = {151},
	year = 2012,
	bdsk-url-1 = {https://doi.org/10.4028%2Fwww.scientific.net%2Famm.151.305},
	bdsk-url-2 = {https://doi.org/10.4028/www.scientific.net/amm.151.305}}

@article{metz2020bird,
	author = {Metz, Isabel C and Ellerbroek, Joost and M{\"u}hlhausen, Thorsten and K{\"u}gler, Dirk and Hoekstra, Jacco M},
	date-added = {2021-09-16 13:53:59 +1000},
	date-modified = {2021-09-16 13:53:59 +1000},
	journal = {Aerospace},
	number = {3},
	pages = {26},
	publisher = {Multidisciplinary Digital Publishing Institute},
	title = {The bird strike challenge},
	volume = {7},
	year = {2020}}

@inproceedings{hales2017estimating,
	author = {Hales, Christy and Czech, Matt and Little, Jeffery},
	booktitle = {Annual RAM X Training Summit 2017},
	date-added = {2021-09-16 13:52:25 +1000},
	date-modified = {2021-09-16 13:52:25 +1000},
	title = {Estimating Bird Strike Risk for Space Launch Vehicles},
	year = {2017}}

@article{dolbeer2013history,
	author = {Dolbeer, Richard A},
	date-added = {2021-09-16 13:51:21 +1000},
	date-modified = {2021-09-16 13:51:21 +1000},
	title = {The history of wildlife strikes and management at airports},
	year = {2013}}
